@book{zz,
   title =     {{Heat and thermodynamics}},
   author =    {M. Zemansky and R. Dittman},
   publisher = {McGraw-Hill},
   isbn =      {9780070170599,0070170592},
   year =      {1996},
   series =    {},
   edition =   {7th},
   volume =    {},
   pages =     {8}
   }

@misc{wiki,
    title       = {LM35},
    note        = {Online. Available in: https://es.wikipedia.org/wiki/LM35},
    journal     = {Wikipedia},
    publisher   = {},
    year        = 2022,
    month       = 5,
}

@misc{rtd,
  title = {Calculate temperature coefficient of RTD},
  note        = {Online. Available in: https://instrumentationtools.com/calculate-temperature-coefficient-of-rtds/},
  journal     = {Instrumentation Tools},
  publisher   = {},
  year        = 2022,
  month       = 5,
}

@misc{termopar,
  title = {Sensores de temperatura},
  note        = {Online. Available in: https://www.tc-sa.es/termopares/termopar.html},
  journal     = {},
  publisher   = {TC Medida y Control de Temperatura, S.A.},
  year        = 2022,
  month       = ,
}